@misc{ValerianSource1,
	author = {{US National Centre for Complementary and Integrative Health}},
	title = {Valerian},
	note = {\url{https://www.nccih.nih.gov/health/valerian}. Last Accessed 22/10/2025},
	year = {2025},
	month = {May}
}

@misc{ValerianSource2,
	author = {{US Office of Dietary Supplements}},
	title = {Valerian: Fact Sheet for Health Professionals},
	note = {\url{https://ods.od.nih.gov/factsheets/Valerian-HealthProfessional/}. Last Accessed 22/10/2025},
	year = {2013},
	month = {March}
}

@article{SleepCyclesSource,
author = {Oto, J. and Yamamoto, K and Koike, S. and Imanaka, H. and Nishimura, M.},
title = {Effect of daily sedative interruption on sleep stages of mechanically ventilated patients receiving midazolam by infusion},
journal = {Anaesthesia and Intensive Care},
year = {2011},
month = {May},
volume = {39},
number = {3},
pages = {392--400},
not = {DOI: 10.1177/0310057X1103900309}
}